@book{statistical2013,
	title={An Introduction to Statistical Learning with Applications in R}, 
	author={Gareth James and Daniela Witten and Trevor Hastie and Robert Tibshirani},
	publisher={Springer},
	note={\url{https://www.statlearning.com/}},
	year={2013}
}

@article{data2011,
	title={Основы статистического анализа и обработка данных}, 
	author={Т. В. Борздова},
	book={Минск ГИУСТ БГУ},
	pages={4--12},
	note={\url{https://elib.bsu.by/bitstream}},
	year={2011}
}

@book{elements2009,
	title={The Elements of Statistical Learning Data Mining, Inference, and Prediction}, 
	author={Trevor Hastie and Robert Tibshirani and Jerome Friedman},
	publisher={Springer},
	note={\url{https://link.springer.com/book/10.1007/978-0-387-84858-7}},
	year={2009}
}

@article{difference2019,
	title={The Actual Difference Between Statistics and Machine Learning}, 
	author={Matthew Stewar},
	note={\url{https://towardsdatascience.com/the-actual-difference-between-statistics-and-machine-learning-64b49f07ea3}},
	year={2019}
}


















